<?xml version="1.0" encoding="UTF-8"?><collection xmlns="http://www.loc.gov/MARC21/slim"><record><leader>00391nam--2200133-i-4500</leader><controlfield tag="001">000002441</controlfield><controlfield tag="002">20161230</controlfield><controlfield tag="005">20161230201025</controlfield><controlfield tag="008">060222s1000------------r-----000-0-eng-d</controlfield><datafield ind1=" " ind2=" " tag="100"><subfield code="a">Fevrier, Paulette</subfield></datafield><datafield ind1=" " ind2=" " tag="245"><subfield code="a">Determinisme et indeterminisme. preface m. ed. le roy</subfield></datafield><datafield ind1=" " ind2=" " tag="260"><subfield code="a">Paris, Presses Universitaires De France, 1955 Xii + 250 P</subfield></datafield><datafield ind1=" " ind2=" " tag="490"><subfield code="a">Philosophie De La Matiere</subfield></datafield><datafield ind1=" " ind2=" " tag="852"><subfield code="a">10386</subfield></datafield></record></collection>